<?xml version="1.0" encoding="UTF-8"?><collection xmlns="http://www.loc.gov/MARC21/slim"><record><leader>00488nam--2200181-i-4500</leader><controlfield tag="001">000043528</controlfield><controlfield tag="002">20161230</controlfield><controlfield tag="005">20161230201044</controlfield><controlfield tag="008">060222s1000------------r-----000-0-eng-d</controlfield><datafield ind1=" " ind2=" " tag="040"><subfield code="a">IFIN-HH</subfield></datafield><datafield ind1=" " ind2=" " tag="080"><subfield code="a">53</subfield></datafield><datafield ind1="1" ind2=" " tag="100"><subfield code="a">Tabor,D</subfield></datafield><datafield ind1="1" ind2="0" tag="245"><subfield code="a">Gases, liquids and solids</subfield><subfield code="c">D. tabor</subfield></datafield><datafield ind1=" " ind2=" " tag="260"><subfield code="a">Midldlesex</subfield><subfield code="b">Penguin Books Ltd</subfield><subfield code="c">1969</subfield></datafield><datafield ind1=" " ind2=" " tag="300"><subfield code="a">XII + 290 P</subfield></datafield><datafield ind1=" " ind2=" " tag="490"><subfield code="a">The Penguin Library Of Physical Sciences: Physics/Chemistry</subfield></datafield><datafield ind1=" " ind2=" " tag="852"><subfield code="a">35053</subfield><subfield code="c">53</subfield></datafield><datafield ind1=" " ind2=" " tag="CAT"><subfield code="a">Sys</subfield><subfield code="c">20150310</subfield><subfield code="h">122039</subfield></datafield></record></collection>